<?xml version="1.0" encoding="UTF-8"?><collection xmlns="http://www.loc.gov/MARC21/slim"><record><leader>00592nam--2200181-i-4500</leader><controlfield tag="001">000019512</controlfield><controlfield tag="002">20161230</controlfield><controlfield tag="005">20161230201033</controlfield><controlfield tag="008">060222s1000------------r-----000-0-ger-d</controlfield><datafield ind1=" " ind2=" " tag="040"><subfield code="a">IFIN-HH</subfield></datafield><datafield ind1=" " ind2=" " tag="041"><subfield code="a">ger</subfield></datafield><datafield ind1=" " ind2=" " tag="080"><subfield code="a">537.311.33(043):621.59(043)</subfield></datafield><datafield ind1="1" ind2=" " tag="100"><subfield code="a">Draheim, Peter</subfield></datafield><datafield ind1="1" ind2="0" tag="245"><subfield code="a">Untersuchung von schraubenformigen dichtewellen im n-germanium bei tifen temperaturen (4,2 bis 20 k)</subfield><subfield code="b">Dissertation</subfield><subfield code="c">Peter draheim</subfield></datafield><datafield ind1=" " ind2=" " tag="260"><subfield code="a">Braunschweing</subfield><subfield code="b">Universiteit Carolo-wilhelmina</subfield><subfield code="c">1973</subfield></datafield><datafield ind1=" " ind2=" " tag="300"><subfield code="a">88 P. + 70 P. DIF.FIG</subfield></datafield><datafield ind1=" " ind2=" " tag="852"><subfield code="a">40532</subfield><subfield code="c">537.311.33</subfield></datafield><datafield ind1=" " ind2=" " tag="CAT"><subfield code="a">Sys</subfield><subfield code="c">20110721</subfield><subfield code="h">164515</subfield></datafield></record></collection>